@book{杨孔庆2012数学物理方法,
  title={数学物理方法},
  author={杨孔庆},
  year={2012},
  publisher={Gao deng jiao yu chu ban she}
}