@article{kar2024aspects,
  title={Aspects of a novel nonlinear electrodynamics in flat spacetime and in a gravity-coupled scenario},
  author={Kar, Anjan},
  journal={arXiv preprint arXiv:2406.10577},
  year={2024}
}

@article{breton2007nonlinear,
  title={Nonlinear electrodynamics and black holes},
  author={Breton, Nora and Garcia-Salcedo, Ricardo},
  journal={arXiv preprint hep-th/0702008},
  year={2007}
}

@article{sharif2013nonlinear,
  title={Nonlinear electrodynamics in f (T) gravity and generalized second law of thermodynamics},
  author={Sharif, M and Rani, Shamaila},
  journal={Astrophysics and Space Science},
  volume={346},
  pages={573--582},
  year={2013},
  publisher={Springer}
}

@article{born1934quantum,
  title={On the quantum theory of the electromagnetic field},
  author={Born, Max},
  journal={Proceedings of the Royal Society of London. Series A, Containing Papers of a Mathematical and Physical Character},
  volume={143},
  number={849},
  pages={410--437},
  year={1934},
  publisher={The Royal Society London}
}

@article{shabad2011effective,
  title={Effective Lagrangian in nonlinear electrodynamics and its properties of causality and unitarity},
  author={Shabad, Anatoly E and Usov, Vladimir V},
  journal={Physical Review Dâ€”Particles, Fields, Gravitation, and Cosmology},
  volume={83},
  number={10},
  pages={105006},
  year={2011},
  publisher={APS}
}

@article{hoffmann1937choice,
  title={On the choice of the action function in the new field theory},
  author={Hoffmann, Bo and Infeld, L},
  journal={Physical Review},
  volume={51},
  number={9},
  pages={765},
  year={1937},
  publisher={APS}
}

@article{pellicer1969nonlinear,
  title={Nonlinear electrodynamics and general relativity},
  author={Pellicer, R and Torrence, RJ},
  journal={Journal of Mathematical Physics},
  volume={10},
  number={9},
  pages={1718--1723},
  year={1969},
  publisher={AIP Publishing}
}

@article{ayon2000bardeen,
  title={The Bardeen model as a nonlinear magnetic monopole},
  author={Ay{\'o}n-Beato, Eloy and Garc{\i}a, Alberto},
  journal={Physics Letters B},
  volume={493},
  number={1-2},
  pages={149--152},
  year={2000},
  publisher={Elsevier}
}

@article{ashtekar2000isolated,
  title={Isolated horizons: Hamiltonian evolution and the first law},
  author={Ashtekar, Abhay and Fairhurst, Stephen and Krishnan, Badri},
  journal={Physical Review D},
  volume={62},
  number={10},
  pages={104025},
  year={2000},
  publisher={APS}
}

@article{moreno2003stability,
  title={Stability properties of black holes in self-gravitating nonlinear electrodynamics},
  author={Moreno, Claudia and Sarbach, Olivier},
  journal={Physical Review D},
  volume={67},
  number={2},
  pages={024028},
  year={2003},
  publisher={APS}
}