@article{Ising1925,
  title   = {Beitrag zur theorie des Ferromagnetismus},
  author  = {Ising, Ernst},
  journal = {Zeitschrift f{\"u}r Physik A Hadrons and Nuclei},
  volume  = {31},
  issue   = {1},
  pages   = {253--258},
  year    = {1925}
}

@article{Ivaneyko2005,
  title         = {Criticality of the random-site Ising model: Metropolis, Swendsen-Wang and Wolff Monte Carlo algorithms},
  author        = {Ivaneyko, Dmytro and Olemskoi, A I},
  year          = {2005},
  eprint        = {cond-mat/0501291},
  archiveprefix = {arXiv},
  primaryclass  = {cond-mat.stat-mech}
}

@article{Onsager1944,
  title   = {Crystal statistics. I. A two-dimensional model with an order-disorder transition},
  author  = {Onsager, Lars},
  journal = {Physical Review},
  volume  = {65},
  issue   = {3-4},
  pages   = {117},
  year    = {1944}
}