@article{bertone2018history,
  title={History of dark matter},
  author={Bertone, Gianfranco and Hooper, Dan},
  journal={Reviews of Modern Physics},
  volume={90},
  number={4},
  pages={045002},
  year={2018},
  publisher={APS}
}

@article{周宇峰2011暗物质问题简介,
  title={暗物质问题简介},
  author={周宇峰},
  journal={物理},
  volume={40},
  number={03},
  pages={155--160},
  year={2011}
}
@article{刘佳2009暗物质的理论研究进展,
  title={暗物质的理论研究进展},
  author={刘佳},
  journal={物理},
  volume={38},
  number={12},
  pages={865--865},
  year={2009}
}

@article{marsh2016axion,
  title={Axion cosmology},
  author={Marsh, David JE},
  journal={Physics Reports},
  volume={643},
  pages={1--79},
  year={2016},
  publisher={Elsevier}
}

@article{张家铨1984寻找轴子的实验现状,
  title={寻找轴子的实验现状},
  author={张家铨},
  journal={物理},
  volume={13},
  number={6},
  pages={0--0},
  year={1984}
}

@article{duffy2009axions,
  title={Axions as dark matter particles},
  author={Duffy, Leanne D and Van Bibber, Karl},
  journal={New Journal of Physics},
  volume={11},
  number={10},
  pages={105008},
  year={2009},
  publisher={IOP Publishing}
}
@article{毕效军2011暗物质及暗物质粒子探测,
  title={暗物质及暗物质粒子探测},
  author={毕效军 and 秦波},
  journal={物理},
  number={01},
  pages={13-17},
  year={2011},
}